@book{banasiak_arlotti_2006,
place={London},
edition={1},
title={Perturbations of Positive Semigroups with Applications},
publisher={Springer},
author={\textsc{Banasiak, Jacek und Arlotti, Luisa}},
year={2006}
},

@article{banasiak_lachowicz_2007,
title={Around the Kato generation theorem for semigroups},
volume={179},
DOI={10.4064/sm179-3-2},
number={3},
journal={Studia Mathematica},
author={\textsc{Banasiak, Jacek und Lachowicz, Miroslaw}},
year={2007},
pages={217-238}
},

@article{banasiak_2004,
title={A complete description of dynamics generated by birth-and-death problems: a semigroup approach},
volume={},
DOI={},
number={63},
journal={Mathematial Modelling of Population Dynamics},
publisher={Banach Center},
author={\textsc{Banasiak, Jacek}},
year={2004},
pages={165-176}
},


@book{kato_1995,
place={Berlin},
title={Perturbation Theory for Linear Operators},
publisher={Springer-Verlag},
author={\textsc{Kato, Tosio}},
year={1995}
},

@article{kato_1954,
title={On the semi-groups generated by Kolmogorov's differential equations.},
volume={6},
DOI={10.2969/jmsj/00610001},
number={1},
journal={Journal of the Mathematical Society of Japan},
author={\textsc{Kato, Tosio}},
year={1954},
pages={1-15}
},

@book{pazy_1983,
place={New York},
edition={1},
title={Semigroups of Linear Operators and Applications to Partial Differential Equations},
publisher={Springer New York},
author={\textsc{Pazy, Amnon}},
year={1983}
},

@book{engel_nagel_2006,
place={New York, N.Y.},
edition={1},
title={A Short Course on Operator Semigroups},
publisher={Springer},
author={\textsc{Engel, Klaus-Jochen und Nagel, Rainer}},
year={2006}
},

@book{aliprantis_burkinshaw_2006,
place={Dordrecht},
title={Positive Operators},
publisher={Springer},
author={\textsc{Aliprantis, Charalambos und Burkinshaw, Owen}},
year={2006}
},


@book{werner_2007,
place={Berlin},
title={Funktionalanalysis},
publisher={Springer},
author={\textsc{Werner, Dirk}},
year={2011}
},

@book{aliprantis_burkinshaw_1985,
place={Orlando, Fla. [u.a.]},
title={Positive operators},
publisher={Academ. Pr.},
author={\textsc{Aliprantis, Charalambos D. und Burkinshaw, Owen}},
year={1985}
},


@article{banasiak_miroslaw_lachowicz_2006,
title={Semigroups for Generalized Birth-and-Death Equations in $\ell^p$ Spaces},
volume={73},
DOI={10.1007/s00233-006-0621-x},
number={2},
journal={Semigroup Forum},
author={\textsc{Banasiak, Jacek und Lachowicz, Miroslaw und Moszynski Marcin}},%Banasiak, Jacek und Lachowicz, Miroslaw und Moszynski, Marcin}},
year={2006},
pages={175-193}
},


@article{frosali_van_der_mee_mugelli_2004,
title={A characterization theorem for the evolution semigroup generated by the sum of two unbounded operators},
volume={27},
DOI={10.1002/mma.495},
number={6},
journal={Mathematical Methods in the Applied Sciences},
author={\textsc{Frosali, Giovanni und van der Mee, Cornelis V. M. und Mugelli, Francesco}},
year={2004},
pages={669-685}
},

@article{voigt_1989,
title={On resolvent positive operators and positive $C_0$-semigroups on AL-spaces},
volume={38},
DOI={10.1007/bf02573236},
number={1},
journal={Semigroup Forum},
author={\textsc{Voigt, JÃ¼rgen}},
year={1989},
pages={263-266}
},


@book{engel_nagel_2013,
place={Beijing},
title={One-parameter semigroups for linear evolution equations},
publisher={World Publishing Corporation},
author={\textsc{Engel, Klaus-Jochen und Nagel, Rainer}},
year={2013}
},


@book{anderson_1991,
place={[Place of publication not identified]},
title={Continuous-time markov chains},
publisher={Springer},
author={\textsc{Anderson, William J.}},
year={1991}
}